@article{ishaya2012service,
  title={A service oriented approach to Business Intelligence in Telecoms industry},
  author={Ishaya, Tanko and Folarin, Musiliudeen},
  journal={Telematics and Informatics},
  volume={29},
  number={3},
  pages={273--285},
  year={2012},
  publisher={Elsevier}
}
@article{barabasi2013network,
  title={Network science},
  author={Barab{\'a}si, Albert-L{\'a}szl{\'o}},
  journal={Philosophical Transactions of the Royal Society A: Mathematical, Physical and Engineering Sciences},
  volume={371},
  number={1987},
  pages={20120375},
  year={2013},
  publisher={The Royal Society Publishing}
}
@article{kostic2020social,
  title={Social network analysis and churn prediction in telecommunications using graph theory},
  author={Kosti{\'c}, Stefan M and Simi{\'c}, Mirjana I and Kosti{\'c}, Miroljub V},
  journal={Entropy},
  volume={22},
  number={7},
  pages={753},
  year={2020},
  publisher={MDPI}
}
@article{watts1998collective,
  title={Collective dynamics of ‘small-world’networks},
  author={Watts, Duncan J and Strogatz, Steven H},
  journal={nature},
  volume={393},
  number={6684},
  pages={440--442},
  year={1998},
  publisher={Nature Publishing Group}
}
@article{fortunato2010community,
  title={Community detection in graphs},
  author={Fortunato, Santo},
  journal={Physics reports},
  volume={486},
  number={3-5},
  pages={75--174},
  year={2010},
  publisher={Elsevier}
}
@article{xia2021graph,
  title={Graph learning: A survey},
  author={Xia, Feng and Sun, Ke and Yu, Shuo and Aziz, Abdul and Wan, Liangtian and Pan, Shirui and Liu, Huan},
  journal={IEEE Transactions on Artificial Intelligence},
  volume={2},
  number={2},
  pages={109--127},
  year={2021},
  publisher={IEEE}
}
@article{bedi2016community,
  title={Community detection in social networks},
  author={Bedi, Punam and Sharma, Chhavi},
  journal={Wiley interdisciplinary reviews: Data mining and knowledge discovery},
  volume={6},
  number={3},
  pages={115--135},
  year={2016},
  publisher={Wiley Online Library}
}
@article{manipur2021community,
  title={Community detection in protein-protein interaction networks and applications},
  author={Manipur, Ichcha and Giordano, Maurizio and Piccirillo, Marina and Parashuraman, Seetharaman and Maddalena, Lucia},
  journal={IEEE/ACM Transactions on Computational Biology and Bioinformatics},
  volume={20},
  number={1},
  pages={217--237},
  year={2021},
  publisher={IEEE}
}
@article{solomon2019understanding,
  title={Understanding the psycho-sociological facets of homophily in social network communities},
  author={Solomon, R Sudhesh and Srinivas, PYKL and Das, Amitava and Gamback, Bjorn and Chakraborty, Tanmoy},
  journal={IEEE Computational Intelligence Magazine},
  volume={14},
  number={2},
  pages={28--40},
  year={2019},
  publisher={IEEE}
}
@article{li2022internet,
  title={Internet financial fraud detection based on graph learning},
  author={Li, Ranran and Liu, Zhaowei and Ma, Yuanqing and Yang, Dong and Sun, Shuaijie},
  journal={IEEE Transactions on Computational Social Systems},
  volume={10},
  number={3},
  pages={1394--1401},
  year={2022},
  publisher={IEEE}
}
@inproceedings{chen2022mobile,
  title={Mobile Terminal Security Protection Method Based on Community Detection Algorithms and Graph Matching Networks},
  author={Chen, Mu and Dai, Zaojian and Li, Yong and Zhang, Juling and Wang, Sheng and Zhou, Jian and Wu, Fan},
  booktitle={International Conference on Artificial Intelligence and Security},
  pages={529--542},
  year={2022},
  organization={Springer}
}
@article{rahimnezhad2020application,
  title={Application of community detection in stock market analysis},
  author={Rahimnezhad, Farideh and Chaharsooghi, Seyed Kamal and Seyfi Sariqaya, Mehdi and Sheikhi, Mohammad},
  journal={International Journal of Industrial Engineering and Management Science},
  volume={7},
  number={1},
  pages={81--91},
  year={2020},
  publisher={University of Hormozgan}
}
@inproceedings{he2020fault,
  title={Fault diagnosis and location based on graph neural network in telecom networks},
  author={He, Jiajin and Zhao, Hui},
  booktitle={2020 International Conference on Networking and Network Applications (NaNA)},
  pages={304--309},
  year={2020},
  organization={IEEE}
}
@article{yuan2024huawei,
  title={Huawei Cloud Adopts Operations Research for Live Streaming Services to Save Network Bandwidth Cost: The GSCO System},
  author={Yuan, Xiaoming and Zhao, Pengxiang and Hu, Hanyu and You, Jintao and Yang, Changpeng and Peng, Wen and Kang, Yonghong and Teo, Kwong Meng},
  journal={INFORMS Journal on Applied Analytics},
  volume={54},
  number={1},
  pages={37--53},
  year={2024},
  publisher={INFORMS}
}
@article{newman2004finding,
  title={Finding and evaluating community structure in networks},
  author={Newman, Mark EJ and Girvan, Michelle},
  journal={Physical review E},
  volume={69},
  number={2},
  pages={026113},
  year={2004},
  publisher={APS}
}
@article{ravasz2002hierarchical,
  title={Hierarchical organization of modularity in metabolic networks},
  author={Ravasz, Erzs{\'e}bet and Somera, Anna Lisa and Mongru, Dale A and Oltvai, Zolt{\'a}n N and Barab{\'a}si, A-L},
  journal={science},
  volume={297},
  number={5586},
  pages={1551--1555},
  year={2002},
  publisher={American Association for the Advancement of Science}
}
@article{li2019community,
  title={Community detection using hierarchical clustering based on edge-weighted similarity in cloud environment},
  author={Li, Chunlin and Bai, Jingpan and Wenjun, Zhao and Xihao, Yang},
  journal={Information Processing \& Management},
  volume={56},
  number={1},
  pages={91--109},
  year={2019},
  publisher={Elsevier}
}
@article{newman2004fast,
  title={Fast algorithm for detecting community structure in networks},
  author={Newman, Mark EJ},
  journal={Physical Review E—Statistical, Nonlinear, and Soft Matter Physics},
  volume={69},
  number={6},
  pages={066133},
  year={2004},
  publisher={APS}
}
@article{blondel2008fast,
  title={Fast unfolding of communities in large networks},
  author={Blondel, Vincent D and Guillaume, Jean-Loup and Lambiotte, Renaud and Lefebvre, Etienne},
  journal={Journal of statistical mechanics: theory and experiment},
  volume={2008},
  number={10},
  pages={P10008},
  year={2008},
  publisher={IOP Publishing}
}
@article{clauset2004finding,
  title={Finding community structure in very large networks},
  author={Clauset, Aaron and Newman, Mark EJ and Moore, Cristopher},
  journal={Physical Review E—Statistical, Nonlinear, and Soft Matter Physics},
  volume={70},
  number={6},
  pages={066111},
  year={2004},
  publisher={APS}
}
@article{rosvall2008maps,
  title={Maps of random walks on complex networks reveal community structure},
  author={Rosvall, Martin and Bergstrom, Carl T},
  journal={Proceedings of the national academy of sciences},
  volume={105},
  number={4},
  pages={1118--1123},
  year={2008},
  publisher={National Acad Sciences}
}
@article{garza2019community,
  title={Community detection with the label propagation algorithm: a survey},
  author={Garza, Sara E and Schaeffer, Satu Elisa},
  journal={Physica A: Statistical Mechanics and its Applications},
  volume={534},
  pages={122058},
  year={2019},
  publisher={Elsevier}
}
@inproceedings{perozzi2014deepwalk,
  title={Deepwalk: Online learning of social representations},
  author={Perozzi, Bryan and Al-Rfou, Rami and Skiena, Steven},
  booktitle={Proceedings of the 20th ACM SIGKDD international conference on Knowledge discovery and data mining},
  pages={701--710},
  year={2014}
}
@inproceedings{grover2016node2vec,
  title={node2vec: Scalable feature learning for networks},
  author={Grover, Aditya and Leskovec, Jure},
  booktitle={Proceedings of the 22nd ACM SIGKDD international conference on Knowledge discovery and data mining},
  pages={855--864},
  year={2016}
}
@inproceedings{ribeiro2017struc2vec,
  title={struc2vec: Learning node representations from structural identity},
  author={Ribeiro, Leonardo FR and Saverese, Pedro HP and Figueiredo, Daniel R},
  booktitle={Proceedings of the 23rd ACM SIGKDD international conference on knowledge discovery and data mining},
  pages={385--394},
  year={2017}
}
@inproceedings{wang2016structural,
  title={Structural deep network embedding},
  author={Wang, Daixin and Cui, Peng and Zhu, Wenwu},
  booktitle={Proceedings of the 22nd ACM SIGKDD international conference on Knowledge discovery and data mining},
  pages={1225--1234},
  year={2016}
}
@article{chou2019local,
  title={Local Information-based Deep Embedding for Community Detection},
  author={Chou, Wei-Lin and Chen, Bing-Yu and Li, Xuanmeng and Deng, Zhi-Hong},
  journal={arXiv preprint arXiv:1902.03765},
  year={2019},
  url={https://arxiv.org/abs/1902.03765}
}
@article{wu2024deep,
  title={Deep dual graph attention auto-encoder for community detection},
  author={Wu, Xunlian and Lu, Wanying and Quan, Yining and Miao, Qiguang and Sun, Peng Gang},
  journal={Expert Systems with Applications},
  volume={238},
  pages={122182},
  year={2024},
  publisher={Elsevier}
}
@article{liu2024community,
  title={A Community Detection and Graph-Neural-Network-Based Link Prediction Approach for Scientific Literature},
  author={Liu, Chunjiang and Han, Yikun and Xu, Haiyun and Yang, Shihan and Wang, Kaidi and Su, Yongye},
  journal={Mathematics},
  volume={12},
  number={3},
  pages={369},
  year={2024},
  publisher={MDPI}
}
@article{liu2024community,
  title={A Community Detection and Graph-Neural-Network-Based Link Prediction Approach for Scientific Literature},
  author={Liu, Chunjiang and Han, Yikun and Xu, Haiyun and Yang, Shihan and Wang, Kaidi and Su, Yongye},
  journal={Mathematics},
  volume={12},
  number={3},
  pages={369},
  year={2024},
  publisher={MDPI}
}
@article{jie2024overlapping,
  title={Overlapping community detection model based on a modularity-aware graph autoencoder},
  author={Jie, CHEN and Binbin, LIU and Shu, ZHAO and ZHANG, Yanping},
  journal={Journal of Tsinghua University (Science and Technology)},
  volume={64},
  number={8},
  pages={1319--1329},
  year={2024},
  publisher={清华大学出版社}
}
@article{kipf2016semi,
  title={Semi-supervised classification with graph convolutional networks},
  author={Kipf, Thomas N and Welling, Max},
  journal={arXiv preprint arXiv:1609.02907},
  year={2016}
}
@article{velivckovic2017graph,
  title={Graph attention networks},
  author={Veli{\v{c}}kovi{\'c}, Petar and Cucurull, Guillem and Casanova, Arantxa and Romero, Adriana and Lio, Pietro and Bengio, Yoshua},
  journal={arXiv preprint arXiv:1710.10903},
  year={2017}
}
@article{hamilton2017inductive,
  title={Inductive representation learning on large graphs},
  author={Hamilton, Will and Ying, Zhitao and Leskovec, Jure},
  journal={Advances in neural information processing systems},
  volume={30},
  year={2017}
}
@article{kipf2016variational,
  title={Variational graph auto-encoders},
  author={Kipf, Thomas N and Welling, Max},
  journal={arXiv preprint arXiv:1611.07308},
  year={2016}
}
@article{wilder2019end,
  title={End to end learning and optimization on graphs},
  author={Wilder, Bryan and Ewing, Eric and Dilkina, Bistra and Tambe, Milind},
  journal={Advances in Neural Information Processing Systems},
  volume={32},
  year={2019}
}
@inproceedings{hu2020gpt,
  title={Gpt-gnn: Generative pre-training of graph neural networks},
  author={Hu, Ziniu and Dong, Yuxiao and Wang, Kuansan and Chang, Kai-Wei and Sun, Yizhou},
  booktitle={Proceedings of the 26th ACM SIGKDD international conference on knowledge discovery \& data mining},
  pages={1857--1867},
  year={2020}
}
@article{zachary1977information,
  title={An information flow model for conflict and fission in small groups},
  author={Zachary, Wayne W},
  journal={Journal of anthropological research},
  volume={33},
  number={4},
  pages={452--473},
  year={1977},
  publisher={University of New Mexico}
}
@article{faraj2022community,
  title={Community Detection Approach in Telecommunication Clients Grouping},
  author={Faraj, Nadeen Mohammad},
  year={2022}
}
@article{leicht2008community,
  title={Community structure in directed networks},
  author={Leicht, Elizabeth A and Newman, Mark EJ},
  journal={Physical review letters},
  volume={100},
  number={11},
  pages={118703},
  year={2008},
  publisher={APS}
}
@article{shin2024pgcn,
  title={PGCN: Progressive graph convolutional networks for spatial--temporal traffic forecasting},
  author={Shin, Yuyol and Yoon, Yoonjin},
  journal={IEEE Transactions on Intelligent Transportation Systems},
  year={2024},
  publisher={IEEE}
}
@article{wang2024hypergraph,
  title={A hypergraph-based hybrid graph convolutional network for intracity human activity intensity prediction and geographic relationship interpretation},
  author={Wang, Yi and Zhu, Di},
  journal={Information Fusion},
  volume={104},
  pages={102149},
  year={2024},
  publisher={Elsevier}
}
@article{hu2005efficient,
  title={Efficient, high-quality force-directed graph drawing},
  author={Hu, Yifan},
  journal={Mathematica journal},
  volume={10},
  number={1},
  pages={37--71},
  year={2005},
  publisher={Citeseer}
}
@article{lin2012new,
  title={A new force-directed graph drawing method based on edge--edge repulsion},
  author={Lin, Chun-Cheng and Yen, Hsu-Chun},
  journal={Journal of Visual Languages \& Computing},
  volume={23},
  number={1},
  pages={29--42},
  year={2012},
  publisher={Elsevier}
}
@article{kobourov2012spring,
  title={Spring embedders and force directed graph drawing algorithms},
  author={Kobourov, Stephen G},
  journal={arXiv preprint arXiv:1201.3011},
  year={2012}
}
@misc{cosmograph2024,
  author = {{CosmoGraph}},
  title = {CosmoGraph: Visualizing Large-Scale Graphs},
  howpublished = {\url{https://cosmograph.app/}},
  year = {2024},
  note = {Accessed: 2024-07-21}
}
@inproceedings{bastian2009gephi,
  title={Gephi: an open source software for exploring and manipulating networks},
  author={Bastian, Mathieu and Heymann, Sebastien and Jacomy, Mathieu},
  booktitle={Proceedings of the international AAAI conference on web and social media},
  volume={3},
  number={1},
  pages={361--362},
  year={2009}
}
@article{shannon2003cytoscape,
  title={Cytoscape: a software environment for integrated models of biomolecular interaction networks},
  author={Shannon, Paul and Markiel, Andrew and Ozier, Owen and Baliga, Nitin S and Wang, Jonathan T and Ramage, Daniel and Amin, Nada and Schwikowski, Benno and Ideker, Trey},
  journal={Genome research},
  volume={13},
  number={11},
  pages={2498--2504},
  year={2003},
  publisher={Cold Spring Harbor Lab}
}
@article{mrvar2020pajek,
  title={Pajek},
  author={Mrvar, Andrej and Batagelj, Vladimir},
  journal={Version XXL},
  year={2020},
  publisher={Citeseer}
}
@article{grandjean2015gephi,
  title={Gephi: Introduction to network analysis and visualisation},
  author={Grandjean, Martin},
  year={2015}
}
@article{wu2020comprehensive,
  title={A comprehensive survey on graph neural networks},
  author={Wu, Zonghan and Pan, Shirui and Chen, Fengwen and Long, Guodong and Zhang, Chengqi and Philip, S Yu},
  journal={IEEE transactions on neural networks and learning systems},
  volume={32},
  number={1},
  pages={4--24},
  year={2020},
  publisher={IEEE}
}
@article{khemani2024review,
  title={A review of graph neural networks: concepts, architectures, techniques, challenges, datasets, applications, and future directions},
  author={Khemani, Bharti and Patil, Shruti and Kotecha, Ketan and Tanwar, Sudeep},
  journal={Journal of Big Data},
  volume={11},
  number={1},
  pages={18},
  year={2024},
  publisher={Springer}
}
@article{zhou2020graph,
  title={Graph neural networks: A review of methods and applications},
  author={Zhou, Jie and Cui, Ganqu and Hu, Shengding and Zhang, Zhengyan and Yang, Cheng and Liu, Zhiyuan and Wang, Lifeng and Li, Changcheng and Sun, Maosong},
  journal={AI open},
  volume={1},
  pages={57--81},
  year={2020},
  publisher={Elsevier}
}
@article{graves2012long,
  title={Long short-term memory},
  author={Graves, Alex and Graves, Alex},
  journal={Supervised sequence labelling with recurrent neural networks},
  pages={37--45},
  year={2012},
  publisher={Springer}
}
@article{yun2019graph,
  title={Graph transformer networks},
  author={Yun, Seongjun and Jeong, Minbyul and Kim, Raehyun and Kang, Jaewoo and Kim, Hyunwoo J},
  journal={Advances in neural information processing systems},
  volume={32},
  year={2019}
}
@inproceedings{zhu2020hgcn,
  title={HGCN: A heterogeneous graph convolutional network-based deep learning model toward collective classification},
  author={Zhu, Zhihua and Fan, Xinxin and Chu, Xiaokai and Bi, Jingping},
  booktitle={Proceedings of the 26th ACM SIGKDD international conference on knowledge discovery \& data mining},
  pages={1161--1171},
  year={2020}
}
@article{yang2021hgat,
  title={HGAT: Heterogeneous graph attention networks for semi-supervised short text classification},
  author={Yang, Tianchi and Hu, Linmei and Shi, Chuan and Ji, Houye and Li, Xiaoli and Nie, Liqiang},
  journal={ACM Transactions on Information Systems (TOIS)},
  volume={39},
  number={3},
  pages={1--29},
  year={2021},
  publisher={ACM New York, NY}
}
@article{vaswani2017attention,
  title={Attention is all you need},
  author={Vaswani, Ashish and Shazeer, Noam and Parmar, Niki and Uszkoreit, Jakob and Jones, Llion and Gomez, Aidan N and Kaiser, {\L}ukasz and Polosukhin, Illia},
  journal={Advances in neural information processing systems},
  volume={30},
  year={2017}
}
@article{devlin2018bert,
  title={Bert: Pre-training of deep bidirectional transformers for language understanding},
  author={Devlin, Jacob and Chang, Ming-Wei and Lee, Kenton and Toutanova, Kristina},
  journal={arXiv preprint arXiv:1810.04805},
  year={2018}
}
@inproceedings{kim2021vilt,
  title={Vilt: Vision-and-language transformer without convolution or region supervision},
  author={Kim, Wonjae and Son, Bokyung and Kim, Ildoo},
  booktitle={International conference on machine learning},
  pages={5583--5594},
  year={2021},
  organization={PMLR}
}
@article{min2022transformer,
  title={Transformer for graphs: An overview from architecture perspective},
  author={Min, Erxue and Chen, Runfa and Bian, Yatao and Xu, Tingyang and Zhao, Kangfei and Huang, Wenbing and Zhao, Peilin and Huang, Junzhou and Ananiadou, Sophia and Rong, Yu},
  journal={arXiv preprint arXiv:2202.08455},
  year={2022}
}
@inproceedings{hu2020heterogeneous,
  title={Heterogeneous graph transformer},
  author={Hu, Ziniu and Dong, Yuxiao and Wang, Kuansan and Sun, Yizhou},
  booktitle={Proceedings of the web conference 2020},
  pages={2704--2710},
  year={2020}
}
@inproceedings{deng2020dbscan,
  title={DBSCAN clustering algorithm based on density},
  author={Deng, Dingsheng},
  booktitle={2020 7th international forum on electrical engineering and automation (IFEEA)},
  pages={949--953},
  year={2020},
  organization={IEEE}
}
@article{reynolds2009gaussian,
  title={Gaussian mixture models.},
  author={Reynolds, Douglas A and others},
  journal={Encyclopedia of biometrics},
  volume={741},
  number={659-663},
  year={2009},
  publisher={Berlin, Springer}
}
@article{comaniciu2002mean,
  title={Mean shift: A robust approach toward feature space analysis},
  author={Comaniciu, Dorin and Meer, Peter},
  journal={IEEE Transactions on pattern analysis and machine intelligence},
  volume={24},
  number={5},
  pages={603--619},
  year={2002},
  publisher={IEEE}
}
@article{nielsen2016hierarchical,
  title={Hierarchical clustering},
  author={Nielsen, Frank and Nielsen, Frank},
  journal={Introduction to HPC with MPI for Data Science},
  pages={195--211},
  year={2016},
  publisher={Springer}
}
@article{burkardt2009k,
  title={K-means clustering},
  author={Burkardt, John},
  journal={Virginia Tech, Advanced Research Computing, Interdisciplinary Center for Applied Mathematics},
  year={2009}
}
@article{gmati2024new,
  title={A new algorithm for communities detection in social networks with node attributes},
  author={Gmati, Haifa and Mouakher, Amira and Gonzalez-Pardo, Antonio and Camacho, David},
  journal={Journal of Ambient Intelligence and Humanized Computing},
  pages={1--13},
  year={2024},
  publisher={Springer}
}
@article{liu2024community2,
  title={Community Detection Method Based on GNN and Improved K-means},
  author={Liu, Jinxin},
  journal={International Journal of Computer Science and Information Technology},
  volume={3},
  number={1},
  pages={127--133},
  year={2024}
}
@article{sahu2024df,
  title={DF Louvain: Fast Incrementally Expanding Approach for Community Detection on Dynamic Graphs},
  author={Sahu, Subhajit},
  journal={arXiv preprint arXiv:2404.19634},
  year={2024}
}
@article{borner2007network,
  title={Network science},
  author={B{\"o}rner, Katy and Sanyal, Soma and Vespignani, Alessandro and others},
  journal={Annu. rev. inf. sci. technol.},
  volume={41},
  number={1},
  pages={537--607},
  year={2007}
}
@article{abdi2010principal,
  title={Principal component analysis},
  author={Abdi, Herv{\'e} and Williams, Lynne J},
  journal={Wiley interdisciplinary reviews: computational statistics},
  volume={2},
  number={4},
  pages={433--459},
  year={2010},
  publisher={Wiley Online Library}
}
@book{kline2014easy,
  title={An easy guide to factor analysis},
  author={Kline, Paul},
  year={2014},
  publisher={Routledge}
}
@article{van2008visualizing,
  title={Visualizing data using t-SNE.},
  author={Van der Maaten, Laurens and Hinton, Geoffrey},
  journal={Journal of machine learning research},
  volume={9},
  number={11},
  year={2008}
}
@article{mcinnes2018umap,
  title={Umap: Uniform manifold approximation and projection for dimension reduction},
  author={McInnes, Leland and Healy, John and Melville, James},
  journal={arXiv preprint arXiv:1802.03426},
  year={2018}
}

@article{kumar2020link,
  title={Link prediction techniques, applications, and performance: A survey},
  author={Kumar, Ajay and Singh, Shashank Sheshar and Singh, Kuldeep and Biswas, Bhaskar},
  journal={Physica A: Statistical Mechanics and its Applications},
  volume={553},
  pages={124289},
  year={2020},
  publisher={Elsevier}
}
@article{wu2020deep,
  title={Deep learning techniques for community detection in social networks},
  author={Wu, Ling and Zhang, Qishan and Chen, Chi-Hua and Guo, Kun and Wang, Deqin},
  journal={IEEE Access},
  volume={8},
  pages={96016--96026},
  year={2020},
  publisher={IEEE}
}
@article{agrawal2020community,
  title={Community detection in networks using graph embedding},
  author={Agrawal, Rimjhim and Arquam, Md and Singh, Anurag},
  journal={Procedia Computer Science},
  volume={173},
  pages={372--381},
  year={2020},
  publisher={Elsevier}
}
@article{agrawal2020community,
  title={Community detection in networks using graph embedding},
  author={Agrawal, Rimjhim and Arquam, Md and Singh, Anurag},
  journal={Procedia Computer Science},
  volume={173},
  pages={372--381},
  year={2020},
  publisher={Elsevier}
}
@article{zhang2015evaluating,
  title={Evaluating accuracy of community detection using the relative normalized mutual information},
  author={Zhang, Pan},
  journal={Journal of Statistical Mechanics: Theory and Experiment},
  volume={2015},
  number={11},
  pages={P11006},
  year={2015},
  publisher={IOP Publishing}
}
@article{hu2021optimal,
  title={An optimal resource allocator of elastic training for deep learning jobs on cloud},
  author={Hu, Liang and Zhu, Jiangcheng and Zhou, Zirui and Cheng, Ruiqing and Bai, Xiaolong and Zhang, Yong},
  journal={arXiv preprint arXiv:2109.03389},
  year={2021}
}
@incollection{kluyver2016jupyter,
  title={Jupyter Notebooks--a publishing format for reproducible computational workflows},
  author={Kluyver, Thomas and Ragan-Kelley, Benjamin and P{\'e}rez, Fernando and Granger, Brian and Bussonnier, Matthias and Frederic, Jonathan and Kelley, Kyle and Hamrick, Jessica and Grout, Jason and Corlay, Sylvain and others},
  booktitle={Positioning and power in academic publishing: Players, agents and agendas},
  pages={87--90},
  year={2016},
  publisher={IOS press}
}
@misc{snapnets,
    author       = {Jure Leskovec and Andrej Krevl},
    title        = {{SNAP Datasets}: {Stanford} Large Network Dataset Collection},
    howpublished = {\url{http://snap.stanford.edu/data}},
    month        = jun,
    year         = 2014
}
@inproceedings{giles1998citeseer,
  title={CiteSeer: An automatic citation indexing system},
  author={Giles, C Lee and Bollacker, Kurt D and Lawrence, Steve},
  booktitle={Proceedings of the third ACM conference on Digital libraries},
  pages={89--98},
  year={1998}
}
@article{canese2013pubmed,
  title={PubMed: the bibliographic database},
  author={Canese, Kathi and Weis, Sarah},
  journal={The NCBI handbook},
  volume={2},
  number={1},
  year={2013},
  publisher={National Center for Biotechnology Information (US) Bethesda}
}
@article{jha2022prediction,
  title={Prediction of protein--protein interaction using graph neural networks},
  author={Jha, Kanchan and Saha, Sriparna and Singh, Hiteshi},
  journal={Scientific Reports},
  volume={12},
  number={1},
  pages={8360},
  year={2022},
  publisher={Nature Publishing Group UK London}
}
@article{caniels2008actor,
  title={Actor networks in strategic niche management: insights from social network theory},
  author={Cani{\"e}ls, Marjolein CJ and Romijn, Henny A},
  journal={Futures},
  volume={40},
  number={7},
  pages={613--629},
  year={2008},
  publisher={Elsevier}
}
@article{mccallum2000automating,
  title={Automating the construction of internet portals with machine learning},
  author={McCallum, Andrew Kachites and Nigam, Kamal and Rennie, Jason and Seymore, Kristie},
  journal={Information Retrieval},
  volume={3},
  pages={127--163},
  year={2000},
  publisher={Springer}
}
@techreport{page1999pagerank,
  title={The PageRank citation ranking: Bringing order to the web.},
  author={Page, Lawrence and Brin, Sergey and Motwani, Rajeev and Winograd, Terry},
  year={1999},
  institution={Stanford infolab}
}
@article{chunaev2020community,
  title={Community detection in node-attributed social networks: a survey},
  author={Chunaev, Petr},
  journal={Computer Science Review},
  volume={37},
  pages={100286},
  year={2020},
  publisher={Elsevier}
}
@inproceedings{huang2017joint,
  title={Joint weighted nonnegative matrix factorization for mining attributed graphs},
  author={Huang, Zhichao and Ye, Yunming and Li, Xutao and Liu, Feng and Chen, Huajie},
  booktitle={Advances in Knowledge Discovery and Data Mining: 21st Pacific-Asia Conference, PAKDD 2017, Jeju, South Korea, May 23-26, 2017, Proceedings, Part I 21},
  pages={368--380},
  year={2017},
  organization={Springer}
}
@inproceedings{yang2009combining,
  title={Combining link and content for community detection: a discriminative approach},
  author={Yang, Tianbao and Jin, Rong and Chi, Yun and Zhu, Shenghuo},
  booktitle={Proceedings of the 15th ACM SIGKDD international conference on Knowledge discovery and data mining},
  pages={927--936},
  year={2009}
}
@inproceedings{wang2016semantic,
  title={Semantic community identification in large attribute networks},
  author={Wang, Xiao and Jin, Di and Cao, Xiaochun and Yang, Liang and Zhang, Weixiong},
  booktitle={Proceedings of the AAAI conference on artificial intelligence},
  volume={30},
  number={1},
  year={2016}
}
@article{chai2013combining,
  title={Combining a popularity-productivity stochastic block model with a discriminative-content model for general structure detection},
  author={Chai, Bian-fang and Yu, Jian and Jia, Cai-yan and Yang, Tian-bao and Jiang, Ya-wen},
  journal={Physical Review E—Statistical, Nonlinear, and Soft Matter Physics},
  volume={88},
  number={1},
  pages={012807},
  year={2013},
  publisher={APS}
}
@inproceedings{liu2015community,
  title={Community detection based on structure and content: A content propagation perspective},
  author={Liu, Liyuan and Xu, Linli and Wangy, Zhen and Chen, Enhong},
  booktitle={2015 IEEE international conference on data mining},
  pages={271--280},
  year={2015},
  organization={IEEE}
}
@inproceedings{xie2021inductive,
  title={Inductive topic variational graph auto-encoder for text classification},
  author={Xie, Qianqian and Huang, Jimin and Du, Pan and Peng, Min and Nie, Jian-Yun},
  booktitle={proceedings of the 2021 conference of the North American chapter of the association for computational linguistics: human language technologies},
  pages={4218--4227},
  year={2021}
}
@inproceedings{guo2022multi,
  title={Multi-scale variational graph autoencoder for link prediction},
  author={Guo, Zhihao and Wang, Feng and Yao, Kaixuan and Liang, Jiye and Wang, Zhiqiang},
  booktitle={Proceedings of the Fifteenth ACM international conference on web search and data mining},
  pages={334--342},
  year={2022}
}
@inproceedings{yang2013overlapping,
  title={Overlapping community detection at scale: a nonnegative matrix factorization approach},
  author={Yang, Jaewon and Leskovec, Jure},
  booktitle={Proceedings of the sixth ACM international conference on Web search and data mining},
  pages={587--596},
  year={2013}
}
@article{fortunato2007resolution,
  title={Resolution limit in community detection},
  author={Fortunato, Santo and Barthelemy, Marc},
  journal={Proceedings of the national academy of sciences},
  volume={104},
  number={1},
  pages={36--41},
  year={2007},
  publisher={National Acad Sciences}
}
@inproceedings{na2010research,
  title={Research on k-means clustering algorithm: An improved k-means clustering algorithm},
  author={Na, Shi and Xumin, Liu and Yong, Guan},
  booktitle={2010 Third International Symposium on intelligent information technology and security informatics},
  pages={63--67},
  year={2010},
  organization={Ieee}
}
@article{voigt2017eu,
  title={The eu general data protection regulation (gdpr)},
  author={Voigt, Paul and Von dem Bussche, Axel},
  journal={A Practical Guide, 1st Ed., Cham: Springer International Publishing},
  volume={10},
  number={3152676},
  pages={10--5555},
  year={2017},
  publisher={Springer}
}